<?xml version="1.0" encoding="UTF-8"?><collection><record><leader>05313ntm a2200565 a 4500</leader><controlfield tag="001">006833485</controlfield><controlfield tag="003">MiAaHDL</controlfield><controlfield tag="005">20190719000000.0</controlfield><controlfield tag="006">m        d        </controlfield><controlfield tag="007">cr bn ---auaua</controlfield><controlfield tag="008">090630s193u    xx            00| ||ara d</controlfield><datafield tag="035" ind1=" " ind2=" "><subfield code="a">(MiU)006833485</subfield></datafield><datafield tag="035" ind1=" " ind2=" "><subfield code="a">sdr-miu006833485</subfield></datafield><datafield tag="040" ind1=" " ind2=" "><subfield code="a">MiU</subfield><subfield code="c">MiU</subfield><subfield code="e">amremm</subfield></datafield><datafield tag="043" ind1=" " ind2=" "><subfield code="a">n-us-mi</subfield></datafield><datafield tag="245" ind1="0" ind2="0"><subfield code="6">880-03</subfield><subfield code="a">Anwār al-āfāq fī taqrīb Kitāb Tahdhīb al-akhlāq,</subfield><subfield code="f">[193-?].</subfield></datafield><datafield tag="246" ind1="3" ind2="8"><subfield code="a">شروح تهذيب الاخلاق</subfield></datafield><datafield tag="246" ind1="3" ind2=" "><subfield code="a">انوار الافاق تقريب كتاب تهذيب الاخلاق</subfield></datafield><datafield tag="246" ind1="3" ind2=" "><subfield code="6">880-05</subfield><subfield code="i">Title from inscription on 'title pages' for each section (p.1 and p.33):</subfield><subfield code="a">فتح القريب تحصيل كتاب التهذيب</subfield></datafield><datafield tag="246" ind1="3" ind2=" "><subfield code="6">880-04</subfield><subfield code="i">Title from inscription on 'title page' (p.1):</subfield><subfield code="a">كوكب الاشراق تقريب كتاب تهذيب الاخلاق</subfield></datafield><datafield tag="260" ind1=" " ind2=" "><subfield code="c">[193-?].</subfield></datafield><datafield tag="300" ind1=" " ind2=" "><subfield code="a">32 leaves :</subfield><subfield code="b">paper ;</subfield><subfield code="c">241 x 158 mm. bound to 230 x 150 mm.</subfield></datafield><datafield tag="500" ind1=" " ind2=" "><subfield code="a">Shelfmark: Ann Arbor, University of Michigan, Special Collections Library, Isl. Ms. 977</subfield></datafield><datafield tag="500" ind1=" " ind2=" "><subfield code="a">Origin: Lacks dated scribal colophon ; likely copied in Egypt in the late 1930s and bound for James Heyworth-Dunne (d.1974).</subfield></datafield><datafield tag="500" ind1=" " ind2=" "><subfield code="a">Former shelfmark: Mich. Isl. Ms. temp. no. 126</subfield></datafield><datafield tag="500" ind1=" " ind2=" "><subfield code="a">Binding: Boards covered in dark green cloth with dark green leather over spine (quarter binding) ; pastedowns and flyleaves in wove paper printed with a floral vegetal pattern in green ; spine gold-stamped with title and decorative accents over raised bands "شروح تهذيب الاخلاق | J.H.D." ; sewn in heavy white thread, seemingly over two recessed cords, though difficult to examine ; overall in fairly good condition.</subfield></datafield><datafield tag="500" ind1=" " ind2=" "><subfield code="a">Support: Wove paper.</subfield></datafield><datafield tag="500" ind1=" " ind2=" "><subfield code="a">Script: Ruqʻah ; quick, compact, elegant hand in a thin to medium line (line thickness changes) ; serifless and freely ligatured with effect of inclination to the left and of words descending to baseline, mainly closed counters, pointing somewhat careless and in strokes rather than distinct dots, final yāʼ usually unpointed.</subfield></datafield><datafield tag="500" ind1=" " ind2=" "><subfield code="a">Layout: Written mainly in 17-21 lines per page.</subfield></datafield><datafield tag="500" ind1=" " ind2=" "><subfield code="a">Collation: i, 2 VIII(32), i ; two octonions (gatherings of eight bifolia) ; pages between sections (corresponding to gatherings) left blank, with one serving as section 'title page' (see p.33) ; pagination in pencil and black ink, Hindu-Arabic numerals, in opening section only through page٢٨ ; pagination in pencil, Western numerals, supplied during digitization.</subfield></datafield><datafield tag="500" ind1=" " ind2=" "><subfield code="a">Explicit: "ثم اعلم ان من وصل الى مرتبة اكتساب الفضائل وجب عليه تأديب غيره وافاضة ما اعطاه الله على ابناء جنسه</subfield></datafield><datafield tag="500" ind1=" " ind2=" "><subfield code="a">Incipit: "نحمدك اللهم ولا نحصى ثناء عليك ونستغفرك ونسترضيك ونتوب اليك ... اما بعد فان الله تعالى بعد ان خلق الخلائق وذرأ البرايا اصطفى منها نوع الانسان وجبله من طين مؤلف من مختلف الاركان والمواد ... وكان مما ظفرت به يدي واسعدني به دهري كتاب تهذيب الاخلاق وتطهير الاعراق للحكيم الفاضل ... ابو [كذا] علي احمد بن محمد بن يعقوب بن مسكويه ... فلهذا وذاك وجدتني نشطا الى تهذيبه وتلخيصه ... فما زلت اعاني النفس في ذلك ... فذلكة الكتاب والكتاب يشتمل على مقدمة ومقالات اربع ..."</subfield></datafield><datafield tag="500" ind1=" " ind2=" "><subfield code="a">Title from inscription on 'title page' (p.1).</subfield></datafield><datafield tag="500" ind1=" " ind2=" "><subfield code="a">Ms. codex.</subfield></datafield><datafield tag="510" ind1="4" ind2=" "><subfield code="a">Brockelmann, C. GAL,</subfield><subfield code="c">I 342 ; S I 582 ff.</subfield></datafield><datafield tag="520" ind1="8" ind2=" "><subfield code="a">Careful though incomplete copy of an anonymous abridgement of Abū ʻAlī Aḥmad ibn Muḥammad Miskawayh’s (d. 1030) treatise on ethics, Tahdhīb al-akhlāq wa-taṭhīr al-aʻrāq. See Isl. Ms. 934 for another manuscript copy.</subfield></datafield><datafield tag="538" ind1=" " ind2=" "><subfield code="a">Mode of access: Internet.</subfield></datafield><datafield tag="541" ind1=" " ind2=" "><subfield code="a">Acquired in the Fall of 1950.</subfield></datafield><datafield tag="546" ind1=" " ind2=" "><subfield code="a">Arabic.</subfield></datafield><datafield tag="561" ind1=" " ind2=" "><subfield code="a">On upper pastedown, label with ex libris of James Heyworth-Dunne (d.1974), stamped with inventory number, "Ex Libris | J. Heyworth-Dunne | D. Lit. (London) | No. 7921" ; UM Library inscription on p.3 "Dunning | Heyworth-Dunne | 6-13-51 | 71955 ; possible former inventory mark "231 / 53" in pencil on verso of final leaf (p.64).</subfield></datafield><datafield tag="650" ind1=" " ind2="0"><subfield code="a">Manuscripts, Arabic</subfield><subfield code="z">Michigan</subfield><subfield code="z">Ann Arbor.</subfield></datafield><datafield tag="650" ind1=" " ind2="0"><subfield code="a">Muslims</subfield><subfield code="x">Conduct of life</subfield><subfield code="v">Early works to 1800.</subfield></datafield><datafield tag="650" ind1=" " ind2="0"><subfield code="a">Islamic ethics</subfield><subfield code="v">Early works to 1800.</subfield></datafield><datafield tag="700" ind1="1" ind2=" "><subfield code="a">Heyworth-Dunne, J.</subfield><subfield code="q">(James),</subfield><subfield code="e">former owner.</subfield></datafield><datafield tag="700" ind1="1" ind2="2"><subfield code="a">ابن مسكويه، احمد بن محمد.</subfield><subfield code="t">تهذيب الاخلاق وتطهير الاعراق.</subfield><subfield code="k">تلخيص.</subfield></datafield><datafield tag="700" ind1="1" ind2="2"><subfield code="a">Ibn Miskawayh, Aḥmad ibn Muḥammad,</subfield><subfield code="d">-1030.</subfield><subfield code="t">Tahdhīb al-akhlāq wa-taṭhīr al-aʻrāq.</subfield><subfield code="k">Abridgement.</subfield></datafield><datafield tag="773" ind1="0" ind2=" "><subfield code="a">Heyworth-Dunne Collection.</subfield></datafield><datafield tag="880" ind1="3" ind2=" "><subfield code="6">246-05/</subfield><subfield code="a">Fatḥ al-qarīb taḥṣīl Kitāb al-Tahdhīb</subfield></datafield><datafield tag="880" ind1="3" ind2=" "><subfield code="6">246-04/</subfield><subfield code="a">Kawkab al-ishrāq taqrīb Kitāb Tahdhīb al-akhlāq</subfield></datafield><datafield tag="880" ind1="0" ind2="0"><subfield code="6">245-03/</subfield><subfield code="a">انوار الافاق في تقريب كتاب تهذيب الاخلاق,</subfield><subfield code="f">[193-م?].</subfield></datafield><datafield tag="CID" ind1=" " ind2=" "><subfield code="a">006833485</subfield></datafield><datafield tag="DAT" ind1="0" ind2=" "><subfield code="a">20190719102641.0</subfield><subfield code="b">20190719000000.0</subfield></datafield><datafield tag="DAT" ind1="1" ind2=" "><subfield code="a">20190719090653.0</subfield><subfield code="b">2019-07-19T16:12:12Z</subfield></datafield><datafield tag="DAT" ind1="2" ind2=" "><subfield code="a">2015-10-10T18:00:06Z</subfield></datafield><datafield tag="CAT" ind1=" " ind2=" "><subfield code="a">SDR-MIU</subfield><subfield code="d">EX LIBRIS - ALEPH</subfield><subfield code="l">prepare.pl-004-008</subfield></datafield><datafield tag="FMT" ind1=" " ind2=" "><subfield code="a">BK</subfield></datafield><datafield tag="HOL" ind1=" " ind2=" "><subfield code="0">sdr-miu006833485</subfield><subfield code="a">MiU</subfield><subfield code="b">SDR</subfield><subfield code="c">MIU</subfield><subfield code="p">mdp.39015079131580</subfield><subfield code="s">MIU</subfield><subfield code="1">006833485</subfield></datafield><datafield tag="974" ind1=" " ind2=" "><subfield code="b">MIU</subfield><subfield code="c">MIU</subfield><subfield code="d">20190719</subfield><subfield code="s">lit-dlps-dc</subfield><subfield code="u">mdp.39015079131580</subfield><subfield code="y">1939</subfield><subfield code="r">ic-world</subfield><subfield code="q">man</subfield></datafield></record></collection>